%%%%    BOOK    %%%%
@BOOK{basicOncology,
  author = {Stephens, Frederick O. and Aigner, Karl R.},
  title = {Basics of Oncology},
  year = {2009},
  publisher = {Springer Science & Business Media},
  address = {New York},
  isbn = {978-3-540-92925-3}
}
%%%%    INBOOK    %%%%
@INBOOK{breasCancerBasicsCap4,
  author = {James F. Holland and Axelrod, Richard and Doughty, Julie and Hussain, Syed and Mittelman, Abraham and Moss, Ralph W. and Schacter, Lewis P. and Tretiakova, Marina},
  title = {Breast Cancer: Basics and Beyond},
  year     = {2011},
  publisher = {Springer},
  address   = {New York},
  edition   = {1st},
  isbn = {978-1-4419-1583-7},
  chapter = {4}
}

%%%%    LEI    %%%%
@LEI{lei,
  title = {Lei nº 12.116, de 10 de dezembro de 2009},
  author = {Brasil},
  year = {2009},
  note = {Dia Nacional de Luta contra o Câncer de Mama},
  url = {https://www.planalto.gov.br/ccivil_03/_ato2007-2010/2009/lei/l12116.htm}
}
%%%%    MISC    %%%%
@misc{americanCancerSociety,
  author = {American Cancer Society},
  title = {Breast Cancer: Early Detection},
  howpublished = {https://www.cancer.org/cancer/breast-cancer/about.html},
  note = {Acesso em: 15 de abril de 2023}
}
@MISC{boletimepidemiologico,
  title = {Boletim Epidemiológico da Secretaria de Vigilância em Saúde},
  author = {{Ministério da Saúde}},
  year = {2020},
  howpublished = {\url{https://www.gov.br/saude/pt-br/centrais-de-conteudo/publicacoes/boletins/epidemiologicos/edicoes/2020/boletim_epidemiologico_svs_45.pdf}},
  note = {Acesso em 01 de abril de 2023}
}
@MISC{incaoquee,
  title = {Câncer de Mama},
  author = {Instituto Nacional de Câncer INCA},
  year = {2021},
  howpublished = {\url{https://www.gov.br/inca/pt-br/assuntos/cancer/tipos/mama}},
  note = {Acesso em 01 de abril de 2023}
}






%%%%    INPROCEEDINGS    %%%%
%Artigos a serem usados.
%Quando vc utilizar um artigo para o ponto de entrega 3, coloque um comentário com seu nome, para que ninguém mais utilize ele.

%Giovanna
@INPROCEEDINGS{souza,
  author={Souza, J. CA},
  booktitle={Universidade Federal do Maranhão UFMA}, 
  title={Diagnóstico de Câncer de Mama a partir de Imagens de Mamografia 2D utilizando Descritores de Forma 3D}, 
  year={2018},
  volume={},
  number={},
  pages={71},
  doi={}
}
%Giovanna
@INPROCEEDINGS{botelho,
  author={Botelho, G. M},
  booktitle={Universidade Federal de Goiás UFG}, 
  title={Processamento de Imagens no Auxílio à Detecção de Câncer de Pele utilizando Redes Neurais Artificiais.}, 
  year={2007},
  volume={},
  number={},
  pages={66},
  doi={}
}
%Giovanna
@INPROCEEDINGS{comparing,
  author={Rodrigues, É. O. and Conci, A. and Borchartt, T. B. and Paiva, A. C. and Silva, A. Correa and MacHenry, T.},
  booktitle={IWSSIP 2014 Proceedings}, 
  title={Comparing results of thermographic images based diagnosis for breast diseases}, 
  year={2014},
  volume={},
  number={},
  pages={39-42},
  doi={}
}
%Giovanna
@INPROCEEDINGS{marinePredators,
  author={Rajinikanth, Venkatesan and Kadry, Seifedine and Taniar, David and Damaševičius, Robertas and Rauf, Hafiz Tayyab},
  booktitle={2021 Seventh International conference on Bio Signals, Images, and Instrumentation (ICBSII)}, 
  title={Breast-Cancer Detection using Thermal Images with Marine-Predators-Algorithm Selected Features}, 
  year={2021},
  volume={},
  number={},
  pages={1-6},
  doi={10.1109/ICBSII51839.2021.9445166}
}
%Giovanna
@inproceedings{segmentacao,
 author = {Matheus Baffa and Deivison Cheloni and Lucas Lattari},
 booktitle = {Anais do XVI Workshop de Informática Médica},
 title = {Segmentação Automática de Imagens Térmicas das Mamas Utilizando Limiarização com Refinamento Adaptativo},
 year = {2016},
 volume={},
 number={},
 issn = {2763-8952},
 pages = {2499--2508},
 publisher = {SBC},
 doi = {10.5753/sbcas.2016.9896}
}
%Giovanna
@inproceedings{noninvasive,
 author={Nimmi Arora and Diana Martins and Danielle Ruggerio and Eleni Tousimis and Alexander J. Swistel and Michael P. Osborne and Rache M. Simmons},
 title={Effectiveness of a noninvasive digital infrared thermal imaging system in the detection of breast cancer.},
 journal={American journal of surgery},
 year={2008},
 volume={196 4},
 pages={523-6}
}


%Yago: CNN
@INPROCEEDINGS{cnn,
  author={Albawi, Saad and Mohammed, Tareq Abed and Al-Zawi, Saad},
  booktitle={2017 International Conference on Engineering and Technology (ICET)}, 
  title={Understanding of a convolutional neural network}, 
  year={2017},
  volume={},
  number={},
  pages={1-6},
  doi={10.1109/ICEngTechnol.2017.8308186}
}

%Yago: Deep learning to medical image
@INPROCEEDINGS{medical,
  author={Umer, Mohammad and Sharma, Shilpa and Rattan, Punam},
  booktitle={2021 International Conference on Computing Sciences (ICCS)}, 
  title={A Survey of Deep Learning Models for Medical Image Analysis}, 
  year={2021},
  volume={},
  number={},
  pages={65-69},
  doi={10.1109/ICCS54944.2021.00021}}
  
%Yago: Introdução a deep learning
@INPROCEEDINGS{deeplearning,
  author={Lauzon, Francis Quintal},
  booktitle={2012 11th International Conference on Information Science, Signal Processing and their Applications (ISSPA)}, 
  title={An introduction to deep learning}, 
  year={2012},
  volume={},
  number={},
  pages={1438-1439},
  doi={10.1109/ISSPA.2012.6310529}
  }

%Yago: uma aplicação de processamento de imagens para cancer de mama, porém com método diferente
@INPROCEEDINGS{instance,
  author={Sánchez de la Rosa, Rubén and Lamard, Mathieu and Cazuguel, Guy and Coatrieux, Gouenou and Cozic, Michel and Quellec, Gwenolé},
  booktitle={2015 37th Annual International Conference of the IEEE Engineering in Medicine and Biology Society (EMBC)}, 
  title={Multiple-instance learning for breast cancer detection in mammograms}, 
  year={2015},
  volume={},
  number={},
  pages={7055-7058},
  doi={10.1109/EMBC.2015.7320017}
  }
  
%Yago
@INPROCEEDINGS{machinelearning,
  author={Uddin, Nur and Jaya, Safitri and Purwanto, Edi and Putra, Ananda Arta Dwi and Fadhilah, Muhammad Wildan and Ramadhan, Abimanyu Luthfi Rizq},
  booktitle={2021 International Seminar on Machine Learning, Optimization, and Data Science (ISMODE)}, 
  title={Machine-Learning Prediction of Informatics Students Interest to the MBKM Program: A Study Case in Universitas Pembangunan Jaya}, 
  year={2022},
  volume={},
  number={},
  pages={146-151},
  doi={10.1109/ISMODE53584.2022.9743125}}
  

%Baesse
@INPROCEEDINGS{histopathological,
  author={A. D. Belsare and M. M. Mushrif},
  booktitle={IWSSIP 2014 Proceedings}, 
  title={Histopathological Image Analysis Using Image Processing Techniques: An Overview},
  year={2012},
  volume={},
  number={},
  pages={15},
  doi={}
}
%Baesse
@inproceedings{techniques,
 author={B. Chitradevi and P.Srimathi},
 booktitle={International Journal of Innovative Research in Computer and Communication Engineering},
 title={An Overview on Image Processing Techniques},
  year={2014},
  volume={2},
  number={},
  pages={6466-6472},
  doi={}
}
%Baesse
@INPROCEEDINGS{lungcancer,
  author={Disha Sharma and Gagan Jindal},
  title={Identifying Lung Cancer Using Image Processing Techniques},
  year={2011},
  volume={},
  number={},
  pages={6},
  doi={}
}
%Baesse
@INPROCEEDINGS{MachineVision,
  title={1 IMAGE PROCESSING TECHNIQUES FOR MACHINE VISION},
  author={Alberto Martín and Sabri Tosunoglu},
  year={2000}
}


%Luiza
@ARTICLE{systematic,
  author={Husaini, Mohammed Abdulla Salim Al and Habaebi, Mohamed Hadi and Hameed, Shihab A. and Islam, Md. Rafiqul and Gunawan, Teddy Surya},
  journal={IEEE Access}, 
  title={A Systematic Review of Breast Cancer Detection Using Thermography and Neural Networks}, 
  year={2020},
  volume={8},
  number={},
  pages={208922-208937},
  doi={10.1109/ACCESS.2020.3038817}
}

%Luiza
@ARTICLE{ChaoticSalp,
  author={Ibrahim, Abdelhameed and Mohammed, Shaimaa and Ali, Hesham Arafat and Hussein, Sherif E.},
  journal={IEEE Access}, 
  title={Breast Cancer Segmentation From Thermal Images Based on Chaotic Salp Swarm Algorithm}, 
  year={2020},
  volume={8},
  number={},
  pages={122121-122134},
  doi={10.1109/ACCESS.2020.3007336}
  }
  
% Luiza
  @INPROCEEDINGS{NakagamiImages,
  author={Muhtadi, Sabiq and Haque, Syed Tousiful and Gallippi, Caterina M.},
  booktitle={2022 IEEE International Ultrasonics Symposium (IUS)}, 
  title={Combined B-mode and Nakagami Images for Improved Discrimination of Breast Masses using Deep Learning}, 
  year={2022},
  volume={},
  number={},
  pages={1-4},
  doi={10.1109/IUS54386.2022.9957624}
  }

% Luiza
@INPROCEEDINGS{borchartt,
  author={Borchartt, T. B. and Paiva, A. C. and Silva, A. Correa and MacHenry, T. and Rodrigues, É. O. and Conci, A.},
  booktitle={IWSSIP 2014 Proceedings}, 
  title={Comparing results of thermographic images based diagnosis for breast diseases}, 
  year={2014},
  volume={},
  number={},
  pages={39-42},
  doi={}
}


%Geral/Livre 
@INPROCEEDINGS{leles,
  author={Leles, A. C. Q},
  booktitle={Universidade Federal de Uberlândia UFU}, 
  title={Desenvolvimento de procedimento e análise de imagens térmicas para a identificação do câncer de mama.}, 
  year={2015},
  volume={},
  number={},
  pages={97},
  doi={}
}


@article{ashokkumar,
title={Deep Learning Mechanism for Predicting the Axillary Lymph Node Metastasis in Patients with Primary Breast Cancer},
author={Ashokkumar, N and Meera, S and Anandan, P and Murthy, Mantripragada Yaswanth Bhanu and Kalaivani, KS and Alahmadi, Tahani Awad and Alharbi, Sulaiman Ali and Raghavan, SS and Jayadhas, SA},
journal={BioMed Research International},
volume={2022},
pages={Article ID 8616535},
year={2022},
publisher={Hindawi}
doi={https://doi.org/10.1155/2022/8616535}
}